%% This BibTeX bibliography file was created using BibDesk.
%% http://bibdesk.sourceforge.net/


%% Created for Garrett Grolemund at 2010-07-21 14:19:39 -0500 


%% Saved with string encoding Unicode (UTF-8) 



@article{Rnews,
	Author = {Gabor Grothendieck and Thomas Petzoldt},
	Date-Added = {2010-07-21 14:16:02 -0500},
	Date-Modified = {2010-07-21 14:19:39 -0500},
	Journal = {R News},
	Month = {June},
	Number = {1},
	Pages = {32},
	Title = {Date and Time Classes in R},
	Volume = {4},
	Year = {2004}}

@url{bball,
	Author = {Ryan J. Parker},
	Date-Added = {2010-07-21 13:43:06 -0500},
	Date-Modified = {2010-07-21 14:12:36 -0500},
	Lastchecked = {7-21-2010},
	Title = {Basketball Geek},
	Url = {http://www.basketballgeek.com/data/},
	Year = {2010}}

@url{runts,
	Author = {Matthew Lipper},
	Date-Added = {2010-07-21 12:50:26 -0500},
	Date-Modified = {2010-07-21 14:09:31 -0500},
	Lastchecked = {7-21-2010},
	Month = {June},
	Title = {runt},
	Url = {http://runt.rubyforge.org/},
	Year = {2008}}

@url{jodatime,
	Author = {Stephen Colebourne and Brian S O'Neill},
	Date-Added = {2010-07-21 12:44:48 -0500},
	Date-Modified = {2010-07-21 14:08:00 -0500},
	Lastchecked = {7-21-2010},
	Month = {August},
	Title = {Joda-Time},
	Url = {http://joda-time.sourceforge.net/},
	Year = {2006}}

@book{ggplot2,
	Author = {Hadley Wickham},
	Date-Added = {2010-06-08 11:14:49 -0500},
	Date-Modified = {2010-06-08 11:17:35 -0500},
	Isbn = {978-0-387-98140-6},
	Publisher = {Springer New York},
	Title = {ggplot2: elegant graphics for data analysis},
	Url = {http://had.co.nz/ggplot2/book},
	Year = {2009},
	Bdsk-Url-1 = {http://had.co.nz/ggplot2/book}}

@manual{R,
	Address = {Vienna, Austria},
	Author = {{R Development Core Team}},
	Note = {{ISBN} 3-900051-07-0},
	Organization = {R Foundation for Statistical Computing},
	Title = {R: A Language and Environment for Statistical Computing},
	Url = {http://www.R-project.org},
	Year = {2010},
	Bdsk-Url-1 = {http://www.R-project.org}}

@manual{chron,
	Author = {David James and Kurt Hornik},
	Note = {R package version 2.3-35. S original by David James, R port by Kurt Hornik.},
	Title = {chron: Chronological Objects which Can Handle Dates and Times},
	Url = {http://CRAN.R-project.org/package=chron},
	Year = {2010},
	Bdsk-Url-1 = {http://CRAN.R-project.org/package=chron}}

@manual{fCalendar,
	Author = {Diethelm Wuertz and Yohan Chalabi with contributions from Martin Maechler and Joe W. Byers and and others},
	Note = {R package version 2110.88},
	Title = {timeDate: Rmetrics - Chronological and Calendarical Objects},
	Url = {http://CRAN.R-project.org/package=timeDate},
	Year = {2010},
	Bdsk-Url-1 = {http://CRAN.R-project.org/package=timeDate}}

@article{zoo,
	Author = {Achim Zeileis and Gabor Grothendieck},
	Journal = {Journal of Statistical Software},
	Number = {6},
	Pages = {1--27},
	Title = {zoo: S3 Infrastructure for Regular and Irregular Time Series},
	Url = {http://www.jstatsoft.org/v14/i06/},
	Volume = {14},
	Year = {2005},
	Bdsk-Url-1 = {http://www.jstatsoft.org/v14/i06/}}

@manual{xts,
	Author = {Jeffrey A. Ryan and Josh M. Ulrich},
	Note = {R package version 0.7-1},
	Title = {xts: Extensible Time Series},
	Url = {http://CRAN.R-project.org/package=xts},
	Year = {2010},
	Bdsk-Url-1 = {http://CRAN.R-project.org/package=xts}}

@manual{its,
	Author = {Portfolio & Risk Advisory Group and Commerzbank Securities},
	Note = {R package version 1.1.8},
	Title = {its: Irregular Time Series},
	Url = {http://CRAN.R-project.org/package=its},
	Year = {2009},
	Bdsk-Url-1 = {http://CRAN.R-project.org/package=its}}

@manual{tis,
	Author = {Jeff Hallman},
	Note = {R package version 1.12},
	Title = {tis: Time Indexes and Time Indexed Series},
	Url = {http://CRAN.R-project.org/package=tis},
	Year = {2010},
	Bdsk-Url-1 = {http://CRAN.R-project.org/package=tis}}

@manual{timeSeries,
	Author = {Diethelm Wuertz and Yohan Chalabi},
	Note = {R package version 2110.87},
	Title = {timeSeries: Rmetrics - Financial Time Series Objects},
	Url = {http://CRAN.R-project.org/package=timeSeries},
	Year = {2010},
	Bdsk-Url-1 = {http://CRAN.R-project.org/package=timeSeries}}

@manual{fts,
	Author = {Whit Armstrong},
	Note = {R package version 0.7.6},
	Title = {fts: R interface to tslib (a time series library in c++)},
	Url = {http://CRAN.R-project.org/package=fts},
	Year = {2009},
	Bdsk-Url-1 = {http://CRAN.R-project.org/package=fts}}

@manual{tseries,
	Author = {Adrian Trapletti and Kurt Hornik},
	Note = {R package version 0.10-22.},
	Title = {tseries: Time Series Analysis and Computational Finance},
	Url = {http://CRAN.R-project.org/package=tseries},
	Year = {2009},
	Bdsk-Url-1 = {http://CRAN.R-project.org/package=tseries}}
